<?xml version="1.0" encoding="utf-8"?>
<record xmlns="http://www.loc.gov/MARC21/slim" xmlns:xsi="http://www.w3.org/2001/XMLSchema-instance" xsi:schemaLocation="http://www.loc.gov/MARC21/slim http://www.loc.gov/standards/marcxml/schema/MARC21slim.xsd">
	<leader>     nam a22     Mi 4500</leader>
	<controlfield tag="001">b13262579</controlfield>
	<controlfield tag="003">UaCaAUL</controlfield>
	<controlfield tag="006">m        d        </controlfield>
	<controlfield tag="007">cr cn |||m|||a</controlfield>
	<controlfield tag="008">191028s1911    le      od    000 0 ara d</controlfield>
	<datafield ind1=" " ind2=" " tag="040">
		<subfield code="a">ZYU</subfield>
		<subfield code="b">ara</subfield>
		<subfield code="e">rda</subfield>
		<subfield code="c">ZYU</subfield>
	</datafield>
	<datafield ind1="1" ind2=" " tag="041">
		<subfield code="a">ara</subfield>
	</datafield>
	<datafield ind1=" " ind2=" " tag="043">
		<subfield code="a">a-tu---</subfield>
	</datafield>
	<datafield ind1=" " ind2=" " tag="090">
		<subfield code="a">DR569</subfield>
		<subfield code="b">.S24 1901</subfield>
	</datafield>
	<datafield ind1="0" ind2=" " tag="100">
		<subfield code="6">880-01</subfield>
		<subfield code="a">Ahmet Saip,</subfield>
		<subfield code="d">1859-1920,</subfield>
		<subfield code="e">author.</subfield>
	</datafield>
	<datafield ind1="1" ind2="0" tag="245">
		<subfield code="6">880-02</subfield>
		<subfield code="a">Waqʻat al-Sulṭān ʻAbd al-ʻAzīz /</subfield>
		<subfield code="c">taʼlīf Aḥmad Ṣāʼib Bik ; taʻrīb Muḥammad Tawfīq Jānā.</subfield>
	</datafield>
	<datafield ind1="0" ind2="3" tag="246">
		<subfield code="6">880-03</subfield>
		<subfield code="a">Wāqiʻat al-Sulṭān ʻAbd al-ʻAzīz</subfield>
	</datafield>
	<datafield ind1=" " ind2="3" tag="264">
		<subfield code="6">880-04</subfield>
		<subfield code="a">al-Azbakīyah, Miṣr :</subfield>
		<subfield code="b">ṭubiʻ bi-Maṭbaʻat Hindīyah,</subfield>
		<subfield code="c">1319, [1901]</subfield>
	</datafield>
	<datafield ind1=" " ind2=" " tag="300">
		<subfield code="a">online resource (276 pages)</subfield>
	</datafield>
	<datafield ind1=" " ind2=" " tag="336">
		<subfield code="a">text</subfield>
		<subfield code="2">rdacontent</subfield>
	</datafield>
	<datafield ind1=" " ind2=" " tag="337">
		<subfield code="a">computer</subfield>
		<subfield code="2">rdamedia</subfield>
	</datafield>
	<datafield ind1=" " ind2=" " tag="338">
		<subfield code="a">online resource</subfield>
		<subfield code="2">rdacarrier</subfield>
	</datafield>
	<datafield ind1=" " ind2=" " tag="500">
		<subfield code="a">Introduction dated: 1319.</subfield>
	</datafield>
	<datafield ind1=" " ind2=" " tag="500">
		<subfield code="a">Part of the Arabic Collections Online (ACO) project, contributed by American University in Cairo Library.</subfield>
	</datafield>
	<datafield ind1=" " ind2=" " tag="504">
		<subfield code="a">Includes bibliographical references.</subfield>
	</datafield>
	<datafield ind1=" " ind2=" " tag="533">
		<subfield code="a">Electronic reproduction.</subfield>
		<subfield code="b">New York, N.Y. :</subfield>
		<subfield code="c">New York University,</subfield>
		<subfield code="d">2019.</subfield>
		<subfield code="5">NNU</subfield>
	</datafield>
	<datafield ind1="0" ind2="0" tag="600">
		<subfield code="a">Abdülaziz,</subfield>
		<subfield code="c">Sultan of the Turks,</subfield>
		<subfield code="d">1830-1876.</subfield>
	</datafield>
	<datafield ind1=" " ind2="0" tag="651">
		<subfield code="a">Turkey</subfield>
		<subfield code="x">History</subfield>
		<subfield code="y">Abdul Aziz, 1861-1876.</subfield>
	</datafield>
	<datafield ind1="0" ind2="7" tag="600">
		<subfield code="a">Abdülaziz,</subfield>
		<subfield code="c">Sultan of the Turks,</subfield>
		<subfield code="d">1830-1876.</subfield>
		<subfield code="2">fast</subfield>
		<subfield code="0">(OCoLC)fst00375777</subfield>
	</datafield>
	<datafield ind1=" " ind2="7" tag="651">
		<subfield code="a">Turkey.</subfield>
		<subfield code="2">fast</subfield>
		<subfield code="0">(OCoLC)fst01208963</subfield>
	</datafield>
	<datafield ind1=" " ind2="7" tag="648">
		<subfield code="a">1861-1876</subfield>
		<subfield code="2">fast</subfield>
	</datafield>
	<datafield ind1=" " ind2="7" tag="655">
		<subfield code="a">History.</subfield>
		<subfield code="2">fast</subfield>
		<subfield code="0">(OCoLC)fst01411628</subfield>
	</datafield>
	<datafield ind1="1" ind2=" " tag="700">
		<subfield code="6">880-05</subfield>
		<subfield code="a">Jānā, Muḥammad Tawfīq,</subfield>
		<subfield code="e">translator.</subfield>
	</datafield>
	<datafield ind1="2" ind2=" " tag="710">
		<subfield code="a">American University in Cairo.</subfield>
		<subfield code="b">Library.</subfield>
	</datafield>
	<datafield ind1="0" ind2=" " tag="730">
		<subfield code="a">Arabic Collections Online.</subfield>
	</datafield>
	<datafield ind1="0" ind2="8" tag="776">
		<subfield code="i">Print version:</subfield>
		<subfield code="a">Ahmet Saip, 1859-1920, author.</subfield>
		<subfield code="t">Waqʻat al-Sulṭān ʻAbd al-ʻAzīz</subfield>
		<subfield code="w">(UaCaAUL)b13262579</subfield>
		<subfield code="w">(DLC)   68003544 </subfield>
		<subfield code="w">(OCoLC)318941922</subfield>
	</datafield>
	<datafield ind1="4" ind2="0" tag="856">
		<subfield code="u">http://hdl.handle.net/2333.1/2z34twh0</subfield>
	</datafield>
	<datafield ind1="0" ind2=" " tag="880">
		<subfield code="6">100-01</subfield>
		<subfield code="a">أحمد صائب،</subfield>
		<subfield code="d">1859-192.</subfield>
	</datafield>
	<datafield ind1="1" ind2="0" tag="880">
		<subfield code="6">245-02</subfield>
		<subfield code="a">وقعة السلطان عبد العزيز /</subfield>
		<subfield code="c">تأليف أحمد صائب بك ؛ تعريب محمد توفيق جانا.</subfield>
	</datafield>
	<datafield ind1="0" ind2="3" tag="880">
		<subfield code="6">246-03</subfield>
		<subfield code="a">واقعة السلطان عبد العزيز</subfield>
	</datafield>
	<datafield ind1=" " ind2="3" tag="880">
		<subfield code="6">264-04</subfield>
		<subfield code="a">الأزبكية، مصر :</subfield>
		<subfield code="b">طبع بمطبعة هندية،</subfield>
		<subfield code="c">1319، [1901]</subfield>
	</datafield>
	<datafield ind1="1" ind2=" " tag="880">
		<subfield code="6">700-05</subfield>
		<subfield code="a">جانا، محمد توفيق.</subfield>
	</datafield>
	<datafield ind1=" " ind2=" " tag="959">
		<subfield code="a">NNU</subfield>
		<subfield code="b">WEB</subfield>
		<subfield code="c">GENI</subfield>
		<subfield code="t">0</subfield>
		<subfield code="m">Electronic access</subfield>
		<subfield code="s">01</subfield>
	</datafield>
	<datafield ind1=" " ind2=" " tag="999">
		<subfield code="i">UaCaAUL_b13262579</subfield>
		<subfield code="o">(OCoLC)ocn318941922</subfield>
		<subfield code="s">auc_aco000580</subfield>
		<subfield code="s">auc_aco000580</subfield>
	</datafield>
</record>
